<record><leader>00000cas a2200000 a 4500</leader><controlfield tag="001">12646307</controlfield><controlfield tag="008">851008d19161916ksuwr ne      0    0eng d</controlfield><datafield ind1=" " ind2=" " tag="010"><subfield code="a">sn 85030837 </subfield></datafield><datafield ind1=" " ind2=" " tag="040"><subfield code="a">KSH</subfield><subfield code="b">eng</subfield><subfield code="c">KSH</subfield><subfield code="d">NPT</subfield><subfield code="d">OCL</subfield><subfield code="d">OCLCQ</subfield></datafield><datafield ind1=" " ind2=" " tag="042"><subfield code="a">msc</subfield></datafield><datafield ind1="0" ind2="4" tag="245"><subfield code="a">The Kanoradian.</subfield></datafield><datafield ind1=" " ind2=" " tag="260"><subfield code="a">Kanorado, Kan. :</subfield><subfield code="b">Hunter &amp; Hunter,</subfield><subfield code="c">1916.</subfield></datafield><datafield ind1=" " ind2=" " tag="300"><subfield code="a">1 v. :</subfield><subfield code="b">ill. ;</subfield><subfield code="c">40 cm.</subfield></datafield><datafield ind1=" " ind2=" " tag="310"><subfield code="a">Weekly</subfield></datafield><datafield ind1="0" ind2=" " tag="362"><subfield code="a">Vol. 1, no. 1 (June 8, 1916)-v. 1, no. 24 (Nov. 17, 1916).</subfield></datafield><datafield ind1=" " ind2=" " tag="500"><subfield code="a">Published by: Loren Hunter, July 28-Oct. 20, 1916; Kanoradian Pub. Co., Oct. 27, 1916-</subfield></datafield><datafield ind1=" " ind2=" " tag="752"><subfield code="a">United States</subfield><subfield code="b">Kansas</subfield><subfield code="c">Sherman</subfield><subfield code="d">Goodland.</subfield></datafield><datafield ind1="0" ind2="0" tag="785"><subfield code="t">Sherman County democrat and the Kanoradian</subfield><subfield code="w">(DLC)sn 85030838</subfield></datafield><datafield ind1="1" ind2=" " tag="029"><subfield code="a">AU@</subfield><subfield code="b">000022173111</subfield></datafield></record>